@article{data,
 author = {Haas, L. M. and Lin, E. T. and Roth, M. A.},
 title = {Data integration through database federation},
 journal = {IBM Syst. J.},
 volume = {41},
 number = {4},
 year = {2002},
 pages = {578--596},
 publisher = {IBM Corp.},
 address = {Riverton, NJ, USA}
}

